@misc{ wiki:gpio,
   title = "General-purpose input/output [Электронный ресурс] : Материал из Википедии — свободной энциклопедии : Версия 630541094, сохранённая в 14:14 UTC 23 февраля 2015 / Авторы Википедии // Википедия, свободная энциклопедия. — Электрон. дан. — Сан-Франциско: Фонд Викимедиа, 2015. — Режим доступа: \url{http://en.wikipedia.org/w/index.php?title=General-purpose_input/output&oldid=630541094}"
 }